@article{dancinglinks,
    author    = "Donald Knuth",
    title     = "Dancing Links",
    keywords  = "links, backtracking, knuth",
    pages     = "26",
    year      = "2000"
}
 
@misc{git,
    author    = "Scott Chacon and Ben Straub",
    title     = "Pro-Git",
    url       = "https://git-scm.com/book/en/v2/Getting-Started-About-Version-Control",
    keywords  = "git"
}

@misc{moodlestats,
    title     = "Moodle Statistics",
    url       = "https://moodle.net/stats/",
    keywords  = "moodle, stats, statistics"
}

@misc{moodledev,
    title     = "Moodle Contributors",
    url       = "https://moodle.org/dev/contributions.php",
    keywords  = "moodle, dev"
}

% @book{keyword,
%     author    = "",
%     title     = "",
%     year      = "",
%     publisher = "",
%     address   = "",
%     keywords  = ""
% }

% @online{keyword,
%     author    = "",
%     title     = "",
%     url       = "",
%     keywords  = ""
% }

% @article{keyword,
%   author =       "",
%   title =        "",
%   journal =      "",
%   volume =       "",
%   number =       "",
%   pages =        "",
%   year =         "",
%   DOI =          "",
%   keywords =     ""
% }
